@article{ОКМ,
  title={Отличная квантовая механика: Учеб. пособие: в 2 ч./Александр Львовский; Пер. с англ},
  author={Львовский, А},
  journal={М.: Альпина нон-фикшн},
  year={2019}
}

@book{ЛЛ,
  author={Ландау, Л. Д. and Лифшиц, Е. М.},
  title={Квантовая механика: Нерелятивистская теория},
  volume={3},
  year={1989},
  publisher={Наука}
}

@book{IQM,
  title={Introduction to quantum mechanics},
  author={Griffiths, David J and Schroeter, Darrell F},
  year={2018},
  publisher={Cambridge university press}
}

@article{Белоусов,
  title={Задачи по теоретической физике},
  author={Белоусов, ЮМ and Бурмистров, СН and Тернов, АИ},
  journal={Долгопрудный: ИД Интеллект},
  year={2012}
}